@article{Wong2005,
  author       = {Wing H. Wong},
  title        = {Timing attacks on {RSA:} revealing your secrets through the fourth
                  dimension},
  journal      = {{ACM} Crossroads 2005},
  doi          = {10.1145/1144396.1144401},
}
@article{Zhang2022,
  author       = {Linpeng Zhang and
                  Benjamin Lucien Kaminski},
  title        = {Quantitative strongest post: a calculus for reasoning about the flow
                  of quantitative information},
  journal       = {{OOPSLA} 2022},
  doi          = {10.1145/3527331}
}
@article{Urban2020,
  author       = {Caterina Urban and
                  Maria Christakis and
                  Valentin W{\"{u}}stholz and
                  Fuyuan Zhang},
  title        = {Perfectly parallel fairness certification of neural networks},
  journal       = {{OOPSLA} 2020},
  doi          = {10.1145/3428253},
}
@article{Urban2018,
  author       = {Caterina Urban and
                  Peter M{\"{u}}ller},
  title        = {An Abstract Interpretation Framework for Input Data Usage},
  journal    = {{ESOP} 2018},
  doi          = {10.1007/978-3-319-89884-1\_24},
}
@article{Reinhart2010,
   author = {Carmen M Reinhart and Kenneth S Rogoff},
   doi = {10.1257/AER.100.2.573},
   journal = {American Economic Review 2010},
   title = {Growth in a Time of Debt},
}
@article{Mazzucato2021,
  author       = {Denis Mazzucato and
                  Caterina Urban},
  title        = {Reduced Products of Abstract Domains for Fairness Certification of
                  Neural Networks},
  journal    = {{SAS} 2021},
  doi          = {10.1007/978-3-030-88806-0\_15},
}
@article{Kopf2013,
  author       = {Boris K{\"{o}}pf and
                  Andrey Rybalchenko},
  title        = {Automation of Quantitative Information-Flow Analysis},
  journal    = {{SFM} 2013},
  doi          = {10.1007/978-3-642-38874-3\_1},
}
@article{Herndon2014,
   author = {T Herndon and M Ash and R Pollin},
   doi = {10.1093/cje/bet075},
   journal = {Cambridge Journal of Economics 2014},
   title = {Does high public debt consistently stifle economic growth? A critique of Reinhart and Rogoff},
}
@article{Henzinger2023,
  author       = {Thomas A. Henzinger and
                  Nicolas Mazzocchi and
                  N. Ege Sara{\c{c}}},
  title        = {Quantitative Safety and Liveness},
  journal    = {{FoSSaCS} 2023},
  doi          = {10.1007/978-3-031-30829-1\_17},
}
@article{Gray1991,
  author       = {James W. Gray},
  title        = {Toward a Mathematical Foundation for Information Flow Security},
  journal    = {{IEEE} Computer Society 1991},
  doi          = {10.1109/RISP.1991.130769},
}
@article{Gopan2006,
  author       = {Denis Gopan and
                  Thomas W. Reps},
  title        = {Lookahead Widening},
  journal    = {{CAV} 2006},
  doi          = {10.1007/11817963\_41},
}
@book{Denning1982,
  author       = {Dorothy E. Denning},
  title        = {Cryptography and Data Security},
  publisher    = {Addison-Wesley},
  year         = {1982},
}
@article{Cousot2012Probabilistic,
  author       = {Patrick Cousot and
                  Michael Monerau},
  title        = {Probabilistic Abstract Interpretation},
  journal    = {{ESOP} 2012},
  doi          = {10.1007/978-3-642-28869-2\_9},
}
@article{Cousot1977,
  author       = {Patrick Cousot and
                  Radhia Cousot},
  title        = {Abstract Interpretation: {A} Unified Lattice Model for Static Analysis
                  of Programs by Construction or Approximation of Fixpoints},
  journal    = {{POPL} 1977},
  doi          = {10.1145/512950.512973},
}
@article{Cousot2002,
  author       = {Patrick Cousot},
  title        = {Constructive design of a hierarchy of semantics of a transition system
                  by abstract interpretation},
  journal      = {Theor. Comput. Sci. 2002},
  doi          = {10.1016/S0304-3975(00)00313-3},
}
@article{Chen2012,
  author       = {Hong Yi Chen and
                  Shaked Flur and
                  Supratik Mukhopadhyay},
  title        = {Termination Proofs for Linear Simple Loops},
  journal    = {{SAS} 2012},
  doi          = {10.1007/978-3-642-33125-1\_28},
}
@article{Campion2022,
	title = {Partial (In)Completeness in abstract interpretation: limiting the imprecision in program analysis},
	doi = {10.1145/3498721},
	journal = {{POPL} 2022},
	author = {Campion, Marco and Dalla Preda, Mila and Giacobazzi, Roberto},
}
@article{Campion2023,
	author={Campion, Marco	and Urban, Caterina and Dalla Preda, Mila and Giacobazzi, Roberto},
	title={A Formal Framework to Measure the Incompleteness of Abstract Interpretations},
	journal = {{SAS} 2023},
	doi={10.1007/978-3-031-44245-2_7}
}
@article{Bron1973,
  author       = {Coenraad Bron and
                  Joep Kerbosch},
  title        = {Finding All Cliques of an Undirected Graph (Algorithm 457)},
  journal      = {Commun. {ACM} 1973},
}
@article{Barowy2014,
  author       = {Daniel W. Barowy and
                  Dimitar Gochev and
                  Emery D. Berger},
  title        = {CheckCell: data debugging for spreadsheets},
  journal    = {{OOPSLA} 2014},
  doi          = {10.1145/2660193.2660207},
}
@article{Clark2007,
   author = {David Clark and Sebastian Hunt and Pasquale Malacaria},
   doi = {10.3233/JCS-2007-15302},
   journal = {Journal of Computer Security},
   title = {A static analysis for quantifying information flow in a simple imperative language},
   year = {2007},
}
@article{Clark2005a,
   author = {David Clark and Sebastian Hunt and Pasquale Malacaria},
   doi = {10.1093/LOGCOM/EXI009},
   journal = {Journal of Logic and Computation},
   title = {Quantitative information flow, relations and polymorphic types},
   year = {2005},
}
@article{Clark2005b,
   author = {David Clark and Sebastian Hunt and Pasquale Malacaria},
   doi = {10.1016/J.ENTCS.2004.01.018},
   journal = {Electronic Notes in Theoretical Computer Science},
   title = {Quantified Interference for a While Language},
   year = {2005},
}

@article{Malacaria2007,
   author = {Pasquale Malacaria},
   doi = {10.1145/1190216.1190251},
   journal = {Conference Record of the Annual ACM Symposium on Principles of Programming Languages},
   title = {Assessing security threats of looping constructs},
   year = {2007},
}
@article{Smith2009,
   author = {Geoffrey Smith},
   doi = {10.1007/978-3-642-00596-1_21/COVER},
   journal = {Lecture Notes in Computer Science (including subseries Lecture Notes in Artificial Intelligence and Lecture Notes in Bioinformatics)},
   title = {On the foundations of quantitative information flow},
   year = {2009},
}
@article{Clarkson2009,
   author = {Michael R Clarkson and Andrew C Myers and Fred B Schneider},
   doi = {10.3233/JCS-2009-0353},
   journal = {Journal of Computer Security},
   title = {Quantifying information flow with beliefs},
   year = {2009},
}
@article{Phan2012,
   author = {Quoc-Sang Phan and Pasquale Malacaria and Oksana Tkachuk and Corina S Păsăreanu},
   doi = {10.1145/2382756.2382791},
   journal = {ACM SIGSOFT Software Engineering Notes},
   title = {Symbolic quantitative information flow},
   year = {2012},
}
@inproceedings{Assaf2017,
   author = {Mounir Assaf and David A Naumann and Julien Signoles and Éric Totel and Frédéric Tronel},
   doi = {10.1145/3009837.3009889},
   journal = {Proceedings of the 44th ACM SIGPLAN Symposium on Principles of Programming Languages},
   title = {Hypercollecting semantics and its application to static analysis of information flow},
   year = {2017},
}
@article{Cousot2019,
   author = {Patrick Cousot},
   doi = {10.1007/978-3-030-32304-2_19},
   pages = {389-410},
   title = {Abstract Semantic Dependency},
   year = {2019},
}
@article{Chothia2014,
   author = {Tom Chothia and Yusuke Kawamoto and Chris Novakovic},
   doi = {10.1007/978-3-319-11212-1_13/COVER},
   journal = {Lecture Notes in Computer Science (including subseries Lecture Notes in Artificial Intelligence and Lecture Notes in Bioinformatics)},
   title = {LeakWatch: Estimating information leakage from java programs},
   year = {2014},
}
@article{Saha2023,
   author = {Seemanta Saha and Uc Santa Barbara and Usa Surendra Ghentiyala and Usa LU Shihua},
   doi = {10.1145/3591281},
   title = {Obtaining Information Leakage Bounds via Approximate Model Counting},
   year = {2023},
}
@article{McCamant2008,
   author = {Stephen McCamant and Michael D. Ernst},
   doi = {10.1145/1375581.1375606},
   journal = {Proceedings of the ACM SIGPLAN Conference on Programming Language Design and Implementation (PLDI)},
   title = {Quantitative information flow as network flow capacity},
   year = {2008},
}
@article{Kwiatkowska2016,
  author={Marta Kwiatkowska},
  journal={2016 Science of Security for Cyber-Physical Systems Workshop (SOSCYPS)},
  title={Advances and challenges of quantitative verification and synthesis for cyber-physical systems},
  year={2016},
  doi={10.1109/SOSCYPS.2016.7579999}
}
